@misc{ClangThreadSafety,
	key = {{Clang} Thread Safety Analysis},
	title = {A {C++} language extension which warns about potential race 
	conditions in code},
	note = 
	{\url{https://clang.llvm.org/docs/ThreadSafetyAnalysis.html}},
	year = {2021}
}

@misc{clang,
	key = {Clang},
	title = {Clang: an {LLVM-based} {C/C++} compiler},
	note = {\url{http://clang.llvm.org/}},
	year = {2021}
}

@misc{z3,
	key = {Z3},
	title = {Z3: a theorem prover},
	note = {\url{https://github.com/Z3Prover/z3}},
	year = {2021}
}

@misc{cloc,
	key = {{CLOC}},
	title = {{CLOC}: count lines of code},
	note = {\url{https://cloc.sourceforge.net}},
	year = {2021}
}

@misc{FreeBSD,
	key = {{FreeBSD}},
	title = {{FreeBSD}: The {FreeBSD} Project},
	note = {\url{https://www.freebsd.org/}},
	year = {2023}
}

@misc{NetBSD,
	key = {{NetBSD}},
	title = {{NetBSD}: The {NetBSD} Project},
	note = {\url{https://www.netbsd.org/}},
	year = {2023}
}

@inproceedings{Boyapati:OOPSLA02,
	title={Ownership types for safe programming: Preventing data races and 
	deadlocks},
	author={Boyapati, Chandrasekhar and Lee, Robert and Rinard, Martin},
	booktitle={Proceedings of the 17th International Conference on 
	Object-Oriented Programming Systems Languages and Applications (OOPSLA)},
	pages={211--230},
	year={2002},
	note={\url{https://doi.org/10.1145/582419.582440}}
}

@inproceedings{Anderson:PLDI08,
	title={{SharC}: checking data sharing strategies for multithreaded {C}},
	author={Anderson, Zachary and Gay, David and Ennals, Rob and Brewer, Eric},
	booktitle={Proceedings of the 29th International Conference on Programming 
	Language Design and Implementation (PLDI)},
	pages={149--158},
	year={2008},
	note={\url{https://doi.org/10.1145/1375581.1375600}}
}

@inproceedings{Anderson:PLDI09,
	title={Lightweight annotations for controlling sharing in concurrent data 
	structures},
	author={Anderson, Zachary R and Gay, David and Naik, Mayur},
	booktitle={Proceedings of the 30th International Conference on Programming 
	Language Design and Implementation (PLDI)},
	pages={98--109},
	year={2009},
	note={\url{https://doi.org/10.1145/1542476.1542488}}
}

@inproceedings{Zhou:MICRO19,
	title={{PUSh}: Data race detection based on hardware-supported prevention 
	of unintended sharing},
	author={Zhou, Diyu and Tamir, Yuval},
	booktitle={Proceedings of the 52nd Annual IEEE/ACM International Symposium 
	on Microarchitecture (MICRO)},
	pages={886--898},
	year={2019},
	note={\url{https://doi.org/10.1145/3352460.3358317}}
}

@inproceedings{Flanagan:PASTE01,
	title={Detecting race conditions in large programs},
	author={Flanagan, Cormac and Freund, Stephen N},
	booktitle={Proceedings of the 2001 ACM SIGPLAN-SIGSOFT Workshop on Program 
	Analysis for Software Tools and Engineering (PASTE)},
	pages={90--96},
	year={2001},
	note={\url{https://doi.org/10.1145/379605.379687}}
}

@inproceedings{Flanagan:PLDI00,
	title={Type-based race detection for {Java}},
	author={Flanagan, Cormac and Freund, Stephen N},
	booktitle={Proceedings of the 21st International Conference on Programming 
	Language Design and Implementation (PLDI)},
	pages={219--232},
	year={2000},
	note={\url{https://doi.org/10.1145/349299.349328}}
}

@inproceedings{Sadowski:PLATEAU14,
	title={How developers use data race detection tools},
	author={Sadowski, Caitlin and Yi, Jaeheon},
	booktitle={Proceedings of the 5th Workshop on Evaluation and Usability of 
	Programming Languages and Tools (PLATEAU)},
	pages={43--51},
	year={2014},
	note={\url{https://doi.org/10.1145/2688204.2688205}}
}

@inproceedings{Lochmann:EuroSys19,
	title={{LockDoc}: Trace-based analysis of locking in the {Linux} kernel},
	author={Lochmann, Alexander and Schirmeier, Horst and Borghorst, Hendrik 
	and Spinczyk, Olaf},
	booktitle={Proceedings of the 14th EuroSys Conference},
	pages={1--15},
	year={2019},
	note={\url{https://doi.org/10.1145/3302424.3303948}}
}

@inproceedings{Lu:SOSP07,
	title={{MUVI}: Automatically inferring multi-variable access correlations 
	and detecting related semantic and concurrency bugs},
	author={Lu, Shan and Park, Soyeon and Hu, Chongfeng and Ma, Xiao and Jiang, 
	Weihang and Li, Zhenmin and Popa, Raluca A and Zhou, Yuanyuan},
	booktitle={Proceedings of 21st International Symposium on Operating Systems 
	Principles (SOSP)},
	pages={103--116},
	year={2007},
	note={\url{https://doi.org/10.1145/1294261.1294272}}
}

@inproceedings{Lu:FSE18,
	title={Cloudraid: hunting concurrency bugs in the cloud via log-mining},
	author={Lu, Jie and Li, Feng and Li, Lian and Feng, Xiaobing},
	booktitle={Proceedings of the 26th ACM Joint Meeting on European 
	Software Engineering Conference and Symposium on the Foundations of 
	Software Engineering (ESEC/FSE)},
	pages={3--14},
	year={2018},
	note={\url{https://doi.org/10.1145/3236024.3236071}}
}

@inproceedings{Joshi:ASE08,
	title={Predictive typestate checking of multithreaded {Java} programs},
	author={Joshi, Pallavi and Sen, Koushik},
	booktitle={Proceedings of the 23rd International Conference on Automated 
	Software Engineering (ASE)},
	pages={288--296},
	year={2008},
	organization={IEEE},
	note={\url{https://doi.org/10.1109/ASE.2008.39}}
}

@inproceedings{Liu:NSDI07,
	title={{WiDS} checker: combating bugs in distributed systems},
	author={Liu, Xuezheng and Lin, Wei and Pan, Aimin and Zhang, Zheng},
	booktitle={Proceedings of the 4th USENIX conference on Networked Systems 
	Design and Implementation (NSDI)},
	pages={19--19},
	year={2007},
	note={\url{https://dl.acm.org/doi/abs/10.5555/1973430.1973449}}
}

@inproceedings{Choi:PLDI02,
	title={Efficient and precise datarace detection for multithreaded 
	object-oriented programs},
	author={Choi, Jong-Deok and Lee, Keunwoo and Loginov, Alexey and 
	O'Callahan, Robert and Sarkar, Vivek and Sridharan, Manu},
	booktitle={Proceedings of the 23th International Conference on Programming 
	Language Design and Implementation (PLDI)},
	pages={258--269},
	year={2002},
	note={\url{https://doi.org/10.1145/512529.512560}}
}

@inproceedings{Engler:SOSP03,
	title={{RacerX}: effective, static detection of race conditions and 
	deadlocks},
	author={Engler, Dawson and Ashcraft, Ken},
	booktitle={Proceedings of the 9th International Symposium on Operating 
	Systems Principles (SOSP)},
	pages={237--252},
	year={2003},
	note={\url{https://doi.org/10.1145/945445.945468}}
}

@inproceedings{Voung:FSE07,
	title={{RELAY}: static race detection on millions of lines of code},
	author={Voung, Jan Wen and Jhala, Ranjit and Lerner, Sorin},
	booktitle={Proceedings of the the 6th Joint Meeting of the European 
	Software Engineering Conference and the ACM SIGSOFT Symposium on The 
	Foundations of Software Engineering (ESEC/FSE)},
	pages={205--214},
	year={2007},
	note={\url{https://doi.org/10.1145/1287624.1287654}}
}

@article{Blackshear:OOPSLA18,
	title={{RacerD}: compositional static race detection},
	author={Blackshear, Sam and Gorogiannis, Nikos and O'Hearn, Peter W and 
	Sergey, Ilya},
	journal={Proceedings of the 33th International Conference on 
	Object-Oriented Programming Systems Languages and Applications (OOPSLA)},
	volume={2},
	pages={1--28},
	year={2018},
	publisher={ACM New York, NY, USA},
	note={\url{https://doi.org/10.1145/3276514}}
}

@inproceedings{Pratikakis:PLDI06,
	title={{LOCKSMITH}: context-sensitive correlation analysis for race 
	detection},
	author={Pratikakis, Polyvios and Foster, Jeffrey S and Hicks, Michael},
	booktitle={Proceedings of the 27th International Conference on Programming 
	Language Design and Implementation},
	pages={320--331},
	year={2006},
	note={\url{https://doi.org/10.1145/1133981.1134019}}
}

@inproceedings{Naik:PLDI06,
	title={Effective static race detection for {Java}},
	author={Naik, Mayur and Aiken, Alex and Whaley, John},
	booktitle={Proceedings of the 27th International Conference on Programming 
	Language Design and Implementation (PLDI)},
	pages={308--319},
	year={2006},
	note={\url{https://doi.org/10.1145/1133981.1134018}}
}

@inproceedings{Fonseca:DSN10,
	title={A study of the internal and external effects of concurrency bugs},
	author={Fonseca, Pedro and Li, Cheng and Singhal, Vishal and Rodrigues, 
	Rodrigo},
	booktitle={Proceedings of the 2010 International Conference on Dependable 
	Systems and Networks (DSN)},
	pages={221--230},
	year={2010},
	organization={IEEE},
	note={\url{https://doi.org/10.1109/DSN.2010.5544315}}
}

@inproceedings{Burckhardt:ASPLOS10,
	title={A randomized scheduler with probabilistic guarantees of finding 
	bugs},
	author={Burckhardt, Sebastian and Kothari, Pravesh and Musuvathi, Madanlal 
	and Nagarakatte, Santosh},
	booktitle={Proceedings of the 15th International Conference on 
	Architectural Support for Programming Languages and Operating Systems 
	(ASPLOS)},
	pages={167--178},
	year={2010},
	note={\url{https://doi.org/10.1145/1736020.1736040}}
}

@inproceedings{Liu:FSE14,
	title={{Grail}: Context-aware fixing of concurrency bugs},
	author={Liu, Peng and Tripp, Omer and Zhang, Charles},
	booktitle={Proceedings of the 22nd International Symposium on 	Foundations 
	of Software Engineering (FSE)},
	pages={318--329},
	year={2014},
	note={\url{https://doi.org/10.1145/2635868.2635881}}
}

@inproceedings{Zhou:EASE15,
	title={Predicting concurrency bugs: how many, what kind and where are 
	they?},
	author={Zhou, Bo and Neamtiu, Iulian and Gupta, Rajiv},
	booktitle={Proceedings of the 19th International Conference on Evaluation 
	and Assessment in Software Engineering {EASE}},
	pages={1--10},
	year={2015},
	note={\url{https://doi.org/10.1145/2745802.2745807}}
}

@inproceedings{Li:ASPLOS22,
	title={Path-sensitive and alias-aware typestate analysis for detecting os 
	bugs},
	author={Li, Tuo and Bai, Jia-Ju and Sui, Yulei and Hu, Shi-Min},
	booktitle={Proceedings of the 27th International Conference on 	
	Architectural Support for Programming Languages and Operating Systems 
	(ASPLOS)},
	pages={859--872},
	year={2022},
	note={\url{https://doi.org/10.1145/3503222.3507770}}
}

@inproceedings{Kastrinis:CC18,
	title={An efficient data structure for must-alias analysis},
	author={Kastrinis, George and Balatsouras, George and Ferles, Kostas and 
	Prokopaki-Kostopoulou, Nefeli and Smaragdakis, Yannis},
	booktitle={Proceedings of the 27th International Conference on Compiler 
	Construction (CC)},
	pages={48--58},
	year={2018},
	note={\url{https://doi.org/10.1145/3178372.3179519}}
}

@inproceedings{Narayanasamy:PLDI07,
	title={Automatically classifying benign and harmful data races using replay 
	analysis},
	author={Narayanasamy, Satish and Wang, Zhenghao and Tigani, Jordan and 
	Edwards, Andrew and Calder, Brad},
	booktitle={Proceedings of the 28th International Conference on Programming 
	Language Design and Implementation (PLDI)},
	pages={22--31},
	year={2007},
	note={\url{https://doi.org/10.1145/1250734.1250738}}
}

@inproceedings{Sen:PLDI08,
	title={Race directed random testing of concurrent programs},
	author={Sen, Koushik},
	booktitle={Proceedings of the 29th International Conference on Programming 
	Language Design and Implementation (PLDI)},
	pages={11--21},
	year={2008},
	note={\url{https://doi.org/10.1145/1375581.1375584}}
}

@inproceedings{Kasikci:SOSP13,
	title={RaceMob: Crowdsourced data race detection},
	author={Kasikci, Baris and Zamfir, Cristian and Candea, George},
	booktitle={Proceedings of the 24th International Symposium on Operating 
	Systems Principles (SOSP)},
	pages={406--422},
	year={2013},
	note={\url{https://doi.org/10.1145/2517349.2522736}}
}

@inproceedings{Kasikci:ASPLOS12,
	title={Data races vs. data race bugs: telling the difference with portend},
	author={Kasikci, Baris and Zamfir, Cristian and Candea, George},
	booktitle={Proceedings of the 17th International Conference on 
	Architectural Support for Programming Languages and Operating Systems 
	(ASPLOS)},
	pages={185--198},
	year={2012},
	note={\url{https://doi.org/10.1145/2150976.2150997}}
}

@inproceedings{Cheng:PLDI00,
	title={Modular interprocedural pointer analysis using access paths: design, 
	implementation, and evaluation},
	author={Cheng, Ben-Chung and Hwu, Wen-Mei W},
	booktitle={Proceedings of the 21st International Conference on Programming 	
	Language Design and Implementation (PLDI)},
	pages={57--69},
	year={2000},
	note={\url{https://doi.org/10.1145/349299.349311}}
}

@article{Galler:ACM64,
	title={An improved equivalence algorithm},
	author={Galler, Bernard A and Fisher, Michael J},
	journal={Communications of the ACM},
	volume={7},
	number={5},
	pages={301--303},
	year={1964},
	publisher={ACM New York, NY, USA},
	note={\url{https://doi.org/10.1145/364099.364331}}
}

@article{Hind:TOPLAS99,
	title={Interprocedural pointer alias analysis},
	author={Hind, Michael and Burke, Michael and Carini, Paul and Choi, 
	Jong-Deok},
	journal={ACM Transactions on Programming Languages and Systems (TOPLAS)},
	volume={21},
	number={4},
	pages={848--894},
	year={1999},
	publisher={ACM New York, NY, USA},
	note={\url{https://doi.org/10.1145/325478.325519}}
}

@inproceedings{Zhang:ISPEC15,
	title={Lightweight function pointer analysis},
	author={Zhang, Wei and Zhang, Yu},
	booktitle={Proceedings of the 11th International Conference on Information 
	Security Practice and Experience (ISPEC)},
	pages={439--453},
	year={2015},
	organization={Springer},
	note={\url{https://doi.org/10.1007/978-3-319-17533-1_30}}
}

@inproceedings{Heintze:PLDI01,
	title={Demand-driven pointer analysis},
	author={Heintze, Nevin and Tardieu, Olivier},
	booktitle={Proceedings of the 22nd International Conference on Programming 
	Language Design and Implementation (PLDI)},
	pages={24--34},
	year={2001},
	note={\url{https://doi.org/10.1145/378795.378802}}
}

@inproceedings{Bai:ATC22,
	title={{DLOS}: Effective Static Detection of Deadlocks in {OS} Kernels},
	author={Bai, Jia-Ju and Li, Tuo and Hu, Shi-Min},
	booktitle={Proceedings of the 2022 USENIX Annual Technical Conference 
	(USENIX ATC)},
	pages={367--382},
	year={2022},
	note={\url{https://www.usenix.org/conference/atc22/presentation/bai}}
}

@inproceedings{Bai:ATC19,
	title={Effective static analysis of concurrency {Use-After-Free} bugs 
	in {Linux} device drivers},
	author={Bai, Jia-Ju and Lawall, Julia and Chen, Qiu-Liang and Hu, Shi-Min},
	booktitle={Proceedings of the 2019 USENIX Annual Technical Conference 
	(USENIX ATC)},
	pages={255--268},
	year={2019},
	note={\url{https://www.usenix.org/conference/atc19/presentation/bai}}
}

@inproceedings{Vu:SoICT12,
	title={A type system for finding upper resource bounds of multi-threaded 
	programs with nested transactions},
	author={Vu, Xuan-Tung and Tran, Mai Thuong and Truong, Anh-Hoang and 
	Steffen, Martin},
	booktitle={Proceedings of the 3rd Symposium on Information and 
	Communication Technology (SoICT)},
	pages={21--30},
	year={2012},
	note={\url{https://doi.org/10.1145/2350716.2350722}}
}

@inproceedings{Boyapati:OOPSLA02,
	title={Ownership types for safe programming: Preventing data races and 
	deadlocks},
	author={Boyapati, Chandrasekhar and Lee, Robert and Rinard, Martin},
	booktitle={Proceedings of the 17th International Conference on 
	Object-Oriented Programming Systems Languages and Applications (OOPSLA)},
	pages={211--230},
	year={2002},
	note={\url{https://doi.org/10.1145/582419.582440}}
}

@inproceedings{Marion:TAMC14,
	title={Complexity information flow in a multi-threaded imperative language},
	author={Marion, Jean-Yves and P{\'e}choux, Romain},
	booktitle={Proceedings of the 11th International Conference on Theory and 
	Applications of Models of Computation (TAMC)},
	pages={124--140},
	year={2014},
	organization={Springer},
	note={\url{https://doi.org/10.1007/978-3-319-06089-7_9}}
}

@inproceedings{Ocallahan:PPoPP03,
	title={Hybrid dynamic data race detection},
	author={O'callahan, Robert and Choi, Jong-Deok},
	booktitle={Proceedings of the 9th International Symposium on Principles and 
	Practice of Parallel Programming (PPoPP)},
	pages={167--178},
	year={2003},
	note={\url{https://doi.org/10.1145/781498.781528}}
}

@inproceedings{Serebryany:WBIA09,
	title={{ThreadSanitizer}: data race detection in practice},
	author={Serebryany, Konstantin and Iskhodzhanov, Timur},
	booktitle={Proceedings of the 2009 Workshop on Binary Instrumentation and 
	Applications (WBIA)},
	pages={62--71},
	year={2009},
	note={\url{https://doi.org/10.1145/1791194.1791203}}
}

@inproceedings{Marino:PLDI09,
	title={{LiteRace}: Effective sampling for lightweight data-race detection},
	author={Marino, Daniel and Musuvathi, Madanlal and Narayanasamy, Satish},
	booktitle={Proceedings of the 30th International Conference on Programming 
	Language Design and Implementation (PLDI)},
	pages={134--143},
	year={2009},
	note={\url{https://doi.org/10.1145/1542476.1542491}}
}

@inproceedings{Vojdani:ASE16,
	title={Static race detection for device drivers: the {Goblint} approach},
	author={Vojdani, Vesal and Apinis, Kalmer and R{\~o}tov, Vootele and Seidl, 
	Helmut and Vene, Varmo and Vogler, Ralf},
	booktitle={Proceedings of the 31st International Conference on Automated 
	Software Engineering (ASE)},
	pages={391--402},
	year={2016},
	note={\url{https://doi.org/10.1145/2970276.2970337}}
}

@inproceedings{Deligiannis:ASE15,
	title={Fast and precise symbolic analysis of concurrency bugs in device 
	drivers},
	author={Deligiannis, Pantazis and Donaldson, Alastair F and Rakamaric, 
	Zvonimir},
	booktitle={Proceedings of the 30th International Conference on Automated 
	Software Engineering (ASE)},
	pages={166--177},
	year={2015},
	organization={IEEE},
	note={\url{https://doi.org/10.1109/ASE.2015.30}}
}